<?xml version="1.0" encoding="UTF-8"?><collection xmlns="http://www.loc.gov/MARC21/slim"><record><leader>00461nam--2200133-i-4500</leader><controlfield tag="001">000048496</controlfield><controlfield tag="002">20161230</controlfield><controlfield tag="005">20161230201047</controlfield><controlfield tag="008">060222s1000------------r-----000-0-eng-d</controlfield><datafield ind1=" " ind2=" " tag="080"><subfield code="a">539.143.43(043)</subfield></datafield><datafield ind1=" " ind2=" " tag="100"><subfield code="a">Rabii, Mohammad</subfield></datafield><datafield ind1=" " ind2=" " tag="245"><subfield code="a">Retrecissement, par rotation, des raies de resonance magnetique nucleaire de polymeres: etude des deplacements chimiques et mouvements moleculaires. these</subfield></datafield><datafield ind1=" " ind2=" " tag="260"><subfield code="a">Paris Vi, Unic.De Paris Vi, 1972, 146p</subfield></datafield><datafield ind1=" " ind2=" " tag="852"><subfield code="a">40347</subfield></datafield></record></collection>